<?xml version="1.0" encoding="UTF-8"?><collection xmlns="http://www.loc.gov/MARC21/slim"><record><leader>00406nam--2200145-i-4500</leader><controlfield tag="001">000015468</controlfield><controlfield tag="002">20161230</controlfield><controlfield tag="005">20161230201031</controlfield><controlfield tag="008">060222s1000------------r-----000-0-eng-d</controlfield><datafield ind1=" " ind2=" " tag="080"><subfield code="a">621.47(061)</subfield></datafield><datafield ind1=" " ind2=" " tag="245"><subfield code="a">Photovoltaics for solar energy applications ii</subfield></datafield><datafield ind1=" " ind2=" " tag="260"><subfield code="a">Washington, The International Society For Optical Engineering, 1983 Vi + 147 P</subfield></datafield><datafield ind1=" " ind2=" " tag="490"><subfield code="a">Spie</subfield></datafield><datafield ind1=" " ind2=" " tag="700"><subfield code="a">David Adler</subfield></datafield><datafield ind1=" " ind2=" " tag="852"><subfield code="a">72483</subfield></datafield></record></collection>